% This file was created with JabRef 2.9.2.
% Encoding: UTF8

@MISC{html,
  author = {Wikipedia},
  title = {HTML},
  owner = {guoyu},
  timestamp = {2013.11.29}
}

